orderNumber,productCode,quantityOrdered,priceEach,orderLineNumber,store_id,create_timestamp,update_timestamp
10134,S10_1678,41,90.92,2,NULL,2021-10-08 15:00:01,2021-10-08 15:00:01
10188,S10_1678,48,95.70,1,NULL,2021-10-08 15:00:01,2021-10-08 15:00:01
10211,S10_1678,41,90.92,14,NULL,2021-10-08 15:00:01,2021-10-08 15:00:01
10112,S10_1949,29,197.16,1,NULL,2021-10-08 15:00:01,2021-10-08 15:00:01
10126,S10_1949,38,205.73,11,NULL,2021-10-08 15:00:01,2021-10-08 15:00:01
10150,S10_1949,45,182.16,8,NULL,2021-10-08 15:00:01,2021-10-08 15:00:01
10194,S10_1949,42,203.59,11,NULL,2021-10-08 15:00:01,2021-10-08 15:00:01
10134,S10_2016,27,116.56,5,NULL,2021-10-08 15:00:01,2021-10-08 15:00:01
10188,S10_2016,38,111.80,4,NULL,2021-10-08 15:00:01,2021-10-08 15:00:01
10210,S10_2016,23,112.99,2,NULL,2021-10-08 15:00:01,2021-10-08 15:00:01
10122,S12_1099,42,155.66,10,NULL,2021-10-08 15:00:01,2021-10-08 15:00:01
10181,S12_1099,27,155.66,14,NULL,2021-10-08 15:00:01,2021-10-08 15:00:01
10191,S12_1099,21,155.66,3,NULL,2021-10-08 15:00:01,2021-10-08 15:00:01
10203,S12_1099,20,161.49,8,NULL,2021-10-08 15:00:01,2021-10-08 15:00:01
10211,S12_1099,41,171.22,2,NULL,2021-10-08 15:00:01,2021-10-08 15:00:01
10238,S12_1099,28,161.49,3,NULL,2021-10-08 15:00:01,2021-10-08 15:00:01
10134,S12_2823,20,131.04,1,NULL,2021-10-08 15:00:01,2021-10-08 15:00:01
10211,S12_2823,36,126.52,13,NULL,2021-10-08 15:00:01,2021-10-08 15:00:01
10104,S12_3148,34,131.44,1,NULL,2021-10-08 15:00:01,2021-10-08 15:00:01
10117,S12_3148,43,148.06,10,NULL,2021-10-08 15:00:01,2021-10-08 15:00:01
10153,S12_3148,42,128.42,12,NULL,2021-10-08 15:00:01,2021-10-08 15:00:01
10165,S12_3148,34,123.89,4,NULL,2021-10-08 15:00:01,2021-10-08 15:00:01
10208,S12_3148,26,128.42,14,NULL,2021-10-08 15:00:01,2021-10-08 15:00:01
10230,S12_3148,43,128.42,1,NULL,2021-10-08 15:00:01,2021-10-08 15:00:01
10122,S12_3380,37,113.92,8,NULL,2021-10-08 15:00:01,2021-10-08 15:00:01
10181,S12_3380,28,113.92,12,NULL,2021-10-08 15:00:01,2021-10-08 15:00:01
10191,S12_3380,40,104.52,1,NULL,2021-10-08 15:00:01,2021-10-08 15:00:01
10203,S12_3380,20,111.57,6,NULL,2021-10-08 15:00:01,2021-10-08 15:00:01
10212,S12_3380,39,99.82,16,NULL,2021-10-08 15:00:01,2021-10-08 15:00:01
10238,S12_3380,29,104.52,1,NULL,2021-10-08 15:00:01,2021-10-08 15:00:01
10105,S12_3891,29,141.88,14,NULL,2021-10-08 15:00:01,2021-10-08 15:00:01
10117,S12_3891,39,173.02,8,NULL,2021-10-08 15:00:01,2021-10-08 15:00:01
10153,S12_3891,49,155.72,10,NULL,2021-10-08 15:00:01,2021-10-08 15:00:01
10165,S12_3891,27,152.26,2,NULL,2021-10-08 15:00:01,2021-10-08 15:00:01
10208,S12_3891,20,152.26,12,NULL,2021-10-08 15:00:01,2021-10-08 15:00:01
10122,S12_3990,32,65.44,11,NULL,2021-10-08 15:00:01,2021-10-08 15:00:01
10181,S12_3990,20,67.03,15,NULL,2021-10-08 15:00:01,2021-10-08 15:00:01
10191,S12_3990,30,70.22,4,NULL,2021-10-08 15:00:01,2021-10-08 15:00:01
10203,S12_3990,44,63.84,9,NULL,2021-10-08 15:00:01,2021-10-08 15:00:01
10211,S12_3990,28,79.80,3,NULL,2021-10-08 15:00:01,2021-10-08 15:00:01
10238,S12_3990,20,73.42,4,NULL,2021-10-08 15:00:01,2021-10-08 15:00:01
10104,S12_4473,41,111.39,9,NULL,2021-10-08 15:00:01,2021-10-08 15:00:01
10151,S12_4473,24,114.95,3,NULL,2021-10-08 15:00:01,2021-10-08 15:00:01
10165,S12_4473,48,109.02,12,NULL,2021-10-08 15:00:01,2021-10-08 15:00:01
10184,S12_4473,37,105.47,6,NULL,2021-10-08 15:00:01,2021-10-08 15:00:01
10122,S12_4675,20,104.80,7,NULL,2021-10-08 15:00:01,2021-10-08 15:00:01
10181,S12_4675,36,107.10,11,NULL,2021-10-08 15:00:01,2021-10-08 15:00:01
10203,S12_4675,47,115.16,5,NULL,2021-10-08 15:00:01,2021-10-08 15:00:01
10212,S12_4675,33,110.55,15,NULL,2021-10-08 15:00:01,2021-10-08 15:00:01
10126,S18_1097,38,116.67,10,NULL,2021-10-08 15:00:01,2021-10-08 15:00:01
10150,S18_1097,34,95.67,7,NULL,2021-10-08 15:00:01,2021-10-08 15:00:01
10194,S18_1097,21,103.84,10,NULL,2021-10-08 15:00:01,2021-10-08 15:00:01
10205,S18_1342,36,98.63,2,NULL,2021-10-08 15:00:01,2021-10-08 15:00:01
10227,S18_1342,25,85.27,3,NULL,2021-10-08 15:00:01,2021-10-08 15:00:01
10126,S18_1367,42,51.21,17,NULL,2021-10-08 15:00:01,2021-10-08 15:00:01
10205,S18_1367,48,45.82,1,NULL,2021-10-08 15:00:01,2021-10-08 15:00:01
10227,S18_1367,31,50.14,2,NULL,2021-10-08 15:00:01,2021-10-08 15:00:01
10161,S18_1589,43,102.04,8,NULL,2021-10-08 15:00:01,2021-10-08 15:00:01
10181,S18_1589,42,124.44,2,NULL,2021-10-08 15:00:01,2021-10-08 15:00:01
10212,S18_1589,38,105.77,6,NULL,2021-10-08 15:00:01,2021-10-08 15:00:01
10119,S18_1662,43,151.38,3,NULL,2021-10-08 15:00:01,2021-10-08 15:00:01
10178,S18_1662,42,127.73,4,NULL,2021-10-08 15:00:01,2021-10-08 15:00:01
10210,S18_1662,31,141.92,17,NULL,2021-10-08 15:00:01,2021-10-08 15:00:01
10234,S18_1662,50,146.65,1,NULL,2021-10-08 15:00:01,2021-10-08 15:00:01
10214,S18_1749,30,166.60,7,NULL,2021-10-08 15:00:01,2021-10-08 15:00:01
10227,S18_1749,26,136.00,10,NULL,2021-10-08 15:00:01,2021-10-08 15:00:01
10122,S18_1984,31,113.80,1,NULL,2021-10-08 15:00:01,2021-10-08 15:00:01
10136,S18_1984,36,120.91,1,NULL,2021-10-08 15:00:01,2021-10-08 15:00:01
10161,S18_1984,48,139.41,11,NULL,2021-10-08 15:00:01,2021-10-08 15:00:01
10181,S18_1984,21,129.45,5,NULL,2021-10-08 15:00:01,2021-10-08 15:00:01
10212,S18_1984,41,133.72,9,NULL,2021-10-08 15:00:01,2021-10-08 15:00:01
10104,S18_2238,24,135.90,8,NULL,2021-10-08 15:00:01,2021-10-08 15:00:01
10151,S18_2238,43,152.27,2,NULL,2021-10-08 15:00:01,2021-10-08 15:00:01
10165,S18_2238,29,134.26,11,NULL,2021-10-08 15:00:01,2021-10-08 15:00:01
10184,S18_2238,46,145.72,5,NULL,2021-10-08 15:00:01,2021-10-08 15:00:01
10230,S18_2238,49,153.91,8,NULL,2021-10-08 15:00:01,2021-10-08 15:00:01
10214,S18_2248,21,53.28,6,NULL,2021-10-08 15:00:01,2021-10-08 15:00:01
10227,S18_2248,28,59.93,9,NULL,2021-10-08 15:00:01,2021-10-08 15:00:01
10104,S18_2319,29,122.73,12,NULL,2021-10-08 15:00:01,2021-10-08 15:00:01
10151,S18_2319,49,106.78,6,NULL,2021-10-08 15:00:01,2021-10-08 15:00:01
10165,S18_2319,46,120.28,15,NULL,2021-10-08 15:00:01,2021-10-08 15:00:01
10184,S18_2319,46,119.05,9,NULL,2021-10-08 15:00:01,2021-10-08 15:00:01
10218,S18_2319,22,110.46,1,NULL,2021-10-08 15:00:01,2021-10-08 15:00:01
10101,S18_2325,25,108.06,4,NULL,2021-10-08 15:00:01,2021-10-08 15:00:01
10214,S18_2325,27,125.86,4,NULL,2021-10-08 15:00:01,2021-10-08 15:00:01
10227,S18_2325,46,118.23,7,NULL,2021-10-08 15:00:01,2021-10-08 15:00:01
10126,S18_2432,43,51.05,2,NULL,2021-10-08 15:00:01,2021-10-08 15:00:01
10151,S18_2432,39,58.34,9,NULL,2021-10-08 15:00:01,2021-10-08 15:00:01
10165,S18_2432,31,60.77,18,NULL,2021-10-08 15:00:01,2021-10-08 15:00:01
10184,S18_2432,44,60.77,12,NULL,2021-10-08 15:00:01,2021-10-08 15:00:01
10194,S18_2432,45,51.05,2,NULL,2021-10-08 15:00:01,2021-10-08 15:00:01
10133,S18_2581,49,80.26,3,NULL,2021-10-08 15:00:01,2021-10-08 15:00:01
10157,S18_2581,33,69.27,3,NULL,2021-10-08 15:00:01,2021-10-08 15:00:01
10210,S18_2581,50,68.43,7,NULL,2021-10-08 15:00:01,2021-10-08 15:00:01
10101,S18_2795,26,167.06,1,NULL,2021-10-08 15:00:01,2021-10-08 15:00:01
10205,S18_2795,40,138.38,3,NULL,2021-10-08 15:00:01,2021-10-08 15:00:01
10214,S18_2795,50,167.06,1,NULL,2021-10-08 15:00:01,2021-10-08 15:00:01
10227,S18_2795,29,146.81,4,NULL,2021-10-08 15:00:01,2021-10-08 15:00:01
10161,S18_2870,23,125.40,9,NULL,2021-10-08 15:00:01,2021-10-08 15:00:01
10181,S18_2870,27,130.68,3,NULL,2021-10-08 15:00:01,2021-10-08 15:00:01
10212,S18_2870,40,117.48,7,NULL,2021-10-08 15:00:01,2021-10-08 15:00:01
10112,S18_2949,23,85.10,2,NULL,2021-10-08 15:00:01,2021-10-08 15:00:01
10126,S18_2949,31,93.21,12,NULL,2021-10-08 15:00:01,2021-10-08 15:00:01
10150,S18_2949,47,93.21,9,NULL,2021-10-08 15:00:01,2021-10-08 15:00:01
10126,S18_2957,46,61.84,14,NULL,2021-10-08 15:00:01,2021-10-08 15:00:01
10150,S18_2957,30,56.21,11,NULL,2021-10-08 15:00:01,2021-10-08 15:00:01
10119,S18_3029,21,74.84,9,NULL,2021-10-08 15:00:01,2021-10-08 15:00:01
10178,S18_3029,41,70.54,10,NULL,2021-10-08 15:00:01,2021-10-08 15:00:01
10234,S18_3029,48,84.30,7,NULL,2021-10-08 15:00:01,2021-10-08 15:00:01
10126,S18_3136,30,93.20,13,NULL,2021-10-08 15:00:01,2021-10-08 15:00:01
10150,S18_3136,26,97.39,10,NULL,2021-10-08 15:00:01,2021-10-08 15:00:01
10105,S18_3140,22,136.59,11,NULL,2021-10-08 15:00:01,2021-10-08 15:00:01
10117,S18_3140,26,121.57,5,NULL,2021-10-08 15:00:01,2021-10-08 15:00:01
10128,S18_3140,41,120.20,2,NULL,2021-10-08 15:00:01,2021-10-08 15:00:01
10153,S18_3140,31,125.66,7,NULL,2021-10-08 15:00:01,2021-10-08 15:00:01
10208,S18_3140,24,117.47,9,NULL,2021-10-08 15:00:01,2021-10-08 15:00:01
10221,S18_3140,33,133.86,3,NULL,2021-10-08 15:00:01,2021-10-08 15:00:01
10105,S18_3259,38,87.73,13,NULL,2021-10-08 15:00:01,2021-10-08 15:00:01
10117,S18_3259,21,81.68,7,NULL,2021-10-08 15:00:01,2021-10-08 15:00:01
10128,S18_3259,41,80.67,4,NULL,2021-10-08 15:00:01,2021-10-08 15:00:01
10153,S18_3259,29,82.69,9,NULL,2021-10-08 15:00:01,2021-10-08 15:00:01
10165,S18_3259,50,84.71,1,NULL,2021-10-08 15:00:01,2021-10-08 15:00:01
10208,S18_3259,48,96.81,11,NULL,2021-10-08 15:00:01,2021-10-08 15:00:01
10221,S18_3259,23,89.75,5,NULL,2021-10-08 15:00:01,2021-10-08 15:00:01
10122,S18_3278,21,69.15,13,NULL,2021-10-08 15:00:01,2021-10-08 15:00:01
10181,S18_3278,30,73.17,17,NULL,2021-10-08 15:00:01,2021-10-08 15:00:01
10191,S18_3278,36,75.59,6,NULL,2021-10-08 15:00:01,2021-10-08 15:00:01
10203,S18_3278,33,66.74,11,NULL,2021-10-08 15:00:01,2021-10-08 15:00:01
10211,S18_3278,35,73.17,5,NULL,2021-10-08 15:00:01,2021-10-08 15:00:01
10238,S18_3278,41,68.35,6,NULL,2021-10-08 15:00:01,2021-10-08 15:00:01
10161,S18_3685,36,132.80,10,NULL,2021-10-08 15:00:01,2021-10-08 15:00:01
10181,S18_3685,39,137.04,4,NULL,2021-10-08 15:00:01,2021-10-08 15:00:01
10212,S18_3685,45,115.85,8,NULL,2021-10-08 15:00:01,2021-10-08 15:00:01
10122,S18_3782,35,59.06,16,NULL,2021-10-08 15:00:01,2021-10-08 15:00:01
10191,S18_3782,43,60.93,9,NULL,2021-10-08 15:00:01,2021-10-08 15:00:01
10202,S18_3782,30,55.33,3,NULL,2021-10-08 15:00:01,2021-10-08 15:00:01
10211,S18_3782,46,60.30,8,NULL,2021-10-08 15:00:01,2021-10-08 15:00:01
10119,S18_3856,27,95.28,8,NULL,2021-10-08 15:00:01,2021-10-08 15:00:01
10178,S18_3856,48,104.81,9,NULL,2021-10-08 15:00:01,2021-10-08 15:00:01
10234,S18_3856,39,85.75,6,NULL,2021-10-08 15:00:01,2021-10-08 15:00:01
10104,S18_4027,38,119.20,3,NULL,2021-10-08 15:00:01,2021-10-08 15:00:01
10117,S18_4027,22,122.08,12,NULL,2021-10-08 15:00:01,2021-10-08 15:00:01
10165,S18_4027,28,123.51,6,NULL,2021-10-08 15:00:01,2021-10-08 15:00:01
10230,S18_4027,42,142.18,3,NULL,2021-10-08 15:00:01,2021-10-08 15:00:01
10227,S18_4409,34,87.43,11,NULL,2021-10-08 15:00:01,2021-10-08 15:00:01
10105,S18_4522,41,75.48,10,NULL,2021-10-08 15:00:01,2021-10-08 15:00:01
10117,S18_4522,23,73.73,4,NULL,2021-10-08 15:00:01,2021-10-08 15:00:01
10128,S18_4522,43,77.24,1,NULL,2021-10-08 15:00:01,2021-10-08 15:00:01
10153,S18_4522,22,82.50,6,NULL,2021-10-08 15:00:01,2021-10-08 15:00:01
10208,S18_4522,45,72.85,8,NULL,2021-10-08 15:00:01,2021-10-08 15:00:01
10221,S18_4522,39,84.26,2,NULL,2021-10-08 15:00:01,2021-10-08 15:00:01
10126,S18_4600,50,102.92,5,NULL,2021-10-08 15:00:01,2021-10-08 15:00:01
10150,S18_4600,49,111.39,2,NULL,2021-10-08 15:00:01,2021-10-08 15:00:01
10194,S18_4600,32,113.82,5,NULL,2021-10-08 15:00:01,2021-10-08 15:00:01
10126,S18_4668,43,47.29,9,NULL,2021-10-08 15:00:01,2021-10-08 15:00:01
10150,S18_4668,30,47.29,6,NULL,2021-10-08 15:00:01,2021-10-08 15:00:01
10194,S18_4668,41,47.79,9,NULL,2021-10-08 15:00:01,2021-10-08 15:00:01
10122,S18_4721,28,145.82,15,NULL,2021-10-08 15:00:01,2021-10-08 15:00:01
10191,S18_4721,32,136.90,8,NULL,2021-10-08 15:00:01,2021-10-08 15:00:01
10202,S18_4721,43,124.99,2,NULL,2021-10-08 15:00:01,2021-10-08 15:00:01
10211,S18_4721,41,148.80,7,NULL,2021-10-08 15:00:01,2021-10-08 15:00:01
10238,S18_4721,44,120.53,8,NULL,2021-10-08 15:00:01,2021-10-08 15:00:01
10161,S24_1046,37,73.49,5,NULL,2021-10-08 15:00:01,2021-10-08 15:00:01
10212,S24_1046,41,61.73,3,NULL,2021-10-08 15:00:01,2021-10-08 15:00:01
10104,S24_1444,35,52.02,6,NULL,2021-10-08 15:00:01,2021-10-08 15:00:01
10165,S24_1444,25,46.82,9,NULL,2021-10-08 15:00:01,2021-10-08 15:00:01
10184,S24_1444,31,57.22,3,NULL,2021-10-08 15:00:01,2021-10-08 15:00:01
10230,S24_1444,36,47.40,6,NULL,2021-10-08 15:00:01,2021-10-08 15:00:01
10134,S24_1578,35,94.67,3,NULL,2021-10-08 15:00:01,2021-10-08 15:00:01
10188,S24_1578,25,95.80,2,NULL,2021-10-08 15:00:01,2021-10-08 15:00:01
10211,S24_1578,25,109.32,15,NULL,2021-10-08 15:00:01,2021-10-08 15:00:01
10161,S24_1628,23,47.29,7,NULL,2021-10-08 15:00:01,2021-10-08 15:00:01
10181,S24_1628,34,45.28,1,NULL,2021-10-08 15:00:01,2021-10-08 15:00:01
10212,S24_1628,45,43.27,5,NULL,2021-10-08 15:00:01,2021-10-08 15:00:01
10101,S24_1937,45,32.53,3,NULL,2021-10-08 15:00:01,2021-10-08 15:00:01
10205,S24_1937,32,27.88,5,NULL,2021-10-08 15:00:01,2021-10-08 15:00:01
10214,S24_1937,20,32.19,3,NULL,2021-10-08 15:00:01,2021-10-08 15:00:01
10227,S24_1937,42,27.22,6,NULL,2021-10-08 15:00:01,2021-10-08 15:00:01
10105,S24_2011,43,117.97,9,NULL,2021-10-08 15:00:01,2021-10-08 15:00:01
10117,S24_2011,41,119.20,3,NULL,2021-10-08 15:00:01,2021-10-08 15:00:01
10153,S24_2011,40,111.83,5,NULL,2021-10-08 15:00:01,2021-10-08 15:00:01
10208,S24_2011,35,122.89,7,NULL,2021-10-08 15:00:01,2021-10-08 15:00:01
10221,S24_2011,49,113.06,1,NULL,2021-10-08 15:00:01,2021-10-08 15:00:01
10101,S24_2022,46,44.35,2,NULL,2021-10-08 15:00:01,2021-10-08 15:00:01
10205,S24_2022,24,36.74,4,NULL,2021-10-08 15:00:01,2021-10-08 15:00:01
10214,S24_2022,49,39.87,2,NULL,2021-10-08 15:00:01,2021-10-08 15:00:01
10227,S24_2022,24,39.42,5,NULL,2021-10-08 15:00:01,2021-10-08 15:00:01
10126,S24_2300,27,122.68,1,NULL,2021-10-08 15:00:01,2021-10-08 15:00:01
10151,S24_2300,42,109.90,8,NULL,2021-10-08 15:00:01,2021-10-08 15:00:01
10165,S24_2300,32,117.57,17,NULL,2021-10-08 15:00:01,2021-10-08 15:00:01
10184,S24_2300,24,117.57,11,NULL,2021-10-08 15:00:01,2021-10-08 15:00:01
10194,S24_2300,49,112.46,1,NULL,2021-10-08 15:00:01,2021-10-08 15:00:01
10190,S24_2360,42,58.87,3,NULL,2021-10-08 15:00:01,2021-10-08 15:00:01
10202,S24_2360,50,56.10,6,NULL,2021-10-08 15:00:01,2021-10-08 15:00:01
10211,S24_2360,21,62.33,11,NULL,2021-10-08 15:00:01,2021-10-08 15:00:01
10104,S24_2840,44,30.41,10,NULL,2021-10-08 15:00:01,2021-10-08 15:00:01
10151,S24_2840,30,29.35,4,NULL,2021-10-08 15:00:01,2021-10-08 15:00:01
10165,S24_2840,27,31.12,13,NULL,2021-10-08 15:00:01,2021-10-08 15:00:01
10184,S24_2840,42,30.06,7,NULL,2021-10-08 15:00:01,2021-10-08 15:00:01
10119,S24_2841,41,64.40,4,NULL,2021-10-08 15:00:01,2021-10-08 15:00:01
10178,S24_2841,34,67.82,5,NULL,2021-10-08 15:00:01,2021-10-08 15:00:01
10234,S24_2841,44,67.14,2,NULL,2021-10-08 15:00:01,2021-10-08 15:00:01
10122,S24_2972,39,34.74,4,NULL,2021-10-08 15:00:01,2021-10-08 15:00:01
10181,S24_2972,37,32.85,8,NULL,2021-10-08 15:00:01,2021-10-08 15:00:01
10203,S24_2972,21,33.23,2,NULL,2021-10-08 15:00:01,2021-10-08 15:00:01
10212,S24_2972,34,37.38,12,NULL,2021-10-08 15:00:01,2021-10-08 15:00:01
10105,S24_3151,44,73.46,4,NULL,2021-10-08 15:00:01,2021-10-08 15:00:01
10119,S24_3151,35,72.58,13,NULL,2021-10-08 15:00:01,2021-10-08 15:00:01
10208,S24_3151,20,80.54,2,NULL,2021-10-08 15:00:01,2021-10-08 15:00:01
10161,S24_3191,20,72.77,4,NULL,2021-10-08 15:00:01,2021-10-08 15:00:01
10212,S24_3191,27,77.91,2,NULL,2021-10-08 15:00:01,2021-10-08 15:00:01
10227,S24_3191,40,78.76,15,NULL,2021-10-08 15:00:01,2021-10-08 15:00:01
10122,S24_3371,34,50.82,9,NULL,2021-10-08 15:00:01,2021-10-08 15:00:01
10181,S24_3371,23,54.49,13,NULL,2021-10-08 15:00:01,2021-10-08 15:00:01
10191,S24_3371,48,53.27,2,NULL,2021-10-08 15:00:01,2021-10-08 15:00:01
10203,S24_3371,34,56.94,7,NULL,2021-10-08 15:00:01,2021-10-08 15:00:01
10211,S24_3371,48,52.66,1,NULL,2021-10-08 15:00:01,2021-10-08 15:00:01
10238,S24_3371,47,53.88,2,NULL,2021-10-08 15:00:01,2021-10-08 15:00:01
10119,S24_3420,20,63.12,5,NULL,2021-10-08 15:00:01,2021-10-08 15:00:01
10178,S24_3420,27,65.75,6,NULL,2021-10-08 15:00:01,2021-10-08 15:00:01
10234,S24_3420,25,65.09,3,NULL,2021-10-08 15:00:01,2021-10-08 15:00:01
10161,S24_3432,30,94.23,6,NULL,2021-10-08 15:00:01,2021-10-08 15:00:01
10212,S24_3432,46,100.66,4,NULL,2021-10-08 15:00:01,2021-10-08 15:00:01
10122,S24_3856,43,136.22,5,NULL,2021-10-08 15:00:01,2021-10-08 15:00:01
10181,S24_3856,25,122.17,9,NULL,2021-10-08 15:00:01,2021-10-08 15:00:01
10203,S24_3856,47,140.43,3,NULL,2021-10-08 15:00:01,2021-10-08 15:00:01
10212,S24_3856,49,117.96,13,NULL,2021-10-08 15:00:01,2021-10-08 15:00:01
10239,S24_3856,29,133.41,3,NULL,2021-10-08 15:00:01,2021-10-08 15:00:01
10119,S24_3949,28,62.10,2,NULL,2021-10-08 15:00:01,2021-10-08 15:00:01
10178,S24_3949,30,64.15,3,NULL,2021-10-08 15:00:01,2021-10-08 15:00:01
10210,S24_3949,29,56.64,16,NULL,2021-10-08 15:00:01,2021-10-08 15:00:01
10214,S24_3969,44,38.57,5,NULL,2021-10-08 15:00:01,2021-10-08 15:00:01
10227,S24_3969,27,34.88,8,NULL,2021-10-08 15:00:01,2021-10-08 15:00:01
10126,S24_4258,34,83.76,15,NULL,2021-10-08 15:00:01,2021-10-08 15:00:01
10133,S24_4278,46,61.58,4,NULL,2021-10-08 15:00:01,2021-10-08 15:00:01
10157,S24_4278,33,66.65,4,NULL,2021-10-08 15:00:01,2021-10-08 15:00:01
10210,S24_4278,40,68.10,8,NULL,2021-10-08 15:00:01,2021-10-08 15:00:01
10122,S24_4620,29,67.10,14,NULL,2021-10-08 15:00:01,2021-10-08 15:00:01
10191,S24_4620,44,77.61,7,NULL,2021-10-08 15:00:01,2021-10-08 15:00:01
10202,S24_4620,50,75.18,1,NULL,2021-10-08 15:00:01,2021-10-08 15:00:01
10211,S24_4620,22,80.84,6,NULL,2021-10-08 15:00:01,2021-10-08 15:00:01
10238,S24_4620,22,67.91,7,NULL,2021-10-08 15:00:01,2021-10-08 15:00:01
10126,S32_1268,43,82.83,3,NULL,2021-10-08 15:00:01,2021-10-08 15:00:01
10151,S32_1268,27,84.75,10,NULL,2021-10-08 15:00:01,2021-10-08 15:00:01
10184,S32_1268,46,84.75,13,NULL,2021-10-08 15:00:01,2021-10-08 15:00:01
10194,S32_1268,37,77.05,3,NULL,2021-10-08 15:00:01,2021-10-08 15:00:01
10133,S32_1374,23,80.91,1,NULL,2021-10-08 15:00:01,2021-10-08 15:00:01
10157,S32_1374,34,83.91,1,NULL,2021-10-08 15:00:01,2021-10-08 15:00:01
10188,S32_1374,44,81.91,7,NULL,2021-10-08 15:00:01,2021-10-08 15:00:01
10210,S32_1374,46,84.91,5,NULL,2021-10-08 15:00:01,2021-10-08 15:00:01
10104,S32_2509,35,51.95,11,NULL,2021-10-08 15:00:01,2021-10-08 15:00:01
10151,S32_2509,41,43.29,5,NULL,2021-10-08 15:00:01,2021-10-08 15:00:01
10165,S32_2509,48,50.86,14,NULL,2021-10-08 15:00:01,2021-10-08 15:00:01
10184,S32_2509,33,52.49,8,NULL,2021-10-08 15:00:01,2021-10-08 15:00:01
10133,S32_4289,49,67.41,6,NULL,2021-10-08 15:00:01,2021-10-08 15:00:01
10157,S32_4289,28,56.41,6,NULL,2021-10-08 15:00:01,2021-10-08 15:00:01
10210,S32_4289,39,57.10,10,NULL,2021-10-08 15:00:01,2021-10-08 15:00:01
10190,S32_4485,42,89.80,4,NULL,2021-10-08 15:00:01,2021-10-08 15:00:01
10202,S32_4485,31,81.64,7,NULL,2021-10-08 15:00:01,2021-10-08 15:00:01
10211,S32_4485,37,94.91,12,NULL,2021-10-08 15:00:01,2021-10-08 15:00:01
10104,S50_1514,32,53.31,2,NULL,2021-10-08 15:00:01,2021-10-08 15:00:01
10117,S50_1514,21,55.65,11,NULL,2021-10-08 15:00:01,2021-10-08 15:00:01
10153,S50_1514,31,53.31,13,NULL,2021-10-08 15:00:01,2021-10-08 15:00:01
10165,S50_1514,38,49.21,5,NULL,2021-10-08 15:00:01,2021-10-08 15:00:01
10208,S50_1514,30,57.99,15,NULL,2021-10-08 15:00:01,2021-10-08 15:00:01
10230,S50_1514,43,57.41,2,NULL,2021-10-08 15:00:01,2021-10-08 15:00:01
10105,S700_1138,41,54.00,5,NULL,2021-10-08 15:00:01,2021-10-08 15:00:01
10119,S700_1138,25,57.34,14,NULL,2021-10-08 15:00:01,2021-10-08 15:00:01
10153,S700_1138,43,58.00,1,NULL,2021-10-08 15:00:01,2021-10-08 15:00:01
10208,S700_1138,38,56.67,3,NULL,2021-10-08 15:00:01,2021-10-08 15:00:01
10105,S700_1938,29,86.61,12,NULL,2021-10-08 15:00:01,2021-10-08 15:00:01
10117,S700_1938,38,75.35,6,NULL,2021-10-08 15:00:01,2021-10-08 15:00:01
10128,S700_1938,32,72.75,3,NULL,2021-10-08 15:00:01,2021-10-08 15:00:01
10153,S700_1938,31,80.55,8,NULL,2021-10-08 15:00:01,2021-10-08 15:00:01
10208,S700_1938,40,73.62,10,NULL,2021-10-08 15:00:01,2021-10-08 15:00:01
10221,S700_1938,23,69.29,4,NULL,2021-10-08 15:00:01,2021-10-08 15:00:01
10119,S700_2047,29,74.23,7,NULL,2021-10-08 15:00:01,2021-10-08 15:00:01
10178,S700_2047,34,86.90,8,NULL,2021-10-08 15:00:01,2021-10-08 15:00:01
10234,S700_2047,29,83.28,5,NULL,2021-10-08 15:00:01,2021-10-08 15:00:01
10178,S700_2466,22,91.74,1,NULL,2021-10-08 15:00:01,2021-10-08 15:00:01
10210,S700_2466,26,93.74,14,NULL,2021-10-08 15:00:01,2021-10-08 15:00:01
10126,S700_2824,45,97.10,6,NULL,2021-10-08 15:00:01,2021-10-08 15:00:01
10150,S700_2824,20,95.08,3,NULL,2021-10-08 15:00:01,2021-10-08 15:00:01
10194,S700_2824,26,80.92,6,NULL,2021-10-08 15:00:01,2021-10-08 15:00:01
10132,S700_3167,36,80.00,1,NULL,2021-10-08 15:00:01,2021-10-08 15:00:01
10210,S700_3167,31,64.00,13,NULL,2021-10-08 15:00:01,2021-10-08 15:00:01
10105,S700_3505,39,92.16,6,NULL,2021-10-08 15:00:01,2021-10-08 15:00:01
10153,S700_3505,50,87.15,2,NULL,2021-10-08 15:00:01,2021-10-08 15:00:01
10208,S700_3505,37,95.16,4,NULL,2021-10-08 15:00:01,2021-10-08 15:00:01
10105,S700_3962,22,99.31,7,NULL,2021-10-08 15:00:01,2021-10-08 15:00:01
10117,S700_3962,45,89.38,1,NULL,2021-10-08 15:00:01,2021-10-08 15:00:01
10153,S700_3962,20,85.41,3,NULL,2021-10-08 15:00:01,2021-10-08 15:00:01
10208,S700_3962,33,95.34,5,NULL,2021-10-08 15:00:01,2021-10-08 15:00:01
10119,S700_4002,26,63.67,1,NULL,2021-10-08 15:00:01,2021-10-08 15:00:01
10178,S700_4002,45,68.11,2,NULL,2021-10-08 15:00:01,2021-10-08 15:00:01
10210,S700_4002,42,60.70,15,NULL,2021-10-08 15:00:01,2021-10-08 15:00:01
10119,S72_1253,28,40.22,6,NULL,2021-10-08 15:00:01,2021-10-08 15:00:01
10178,S72_1253,45,41.71,7,NULL,2021-10-08 15:00:01,2021-10-08 15:00:01
10234,S72_1253,40,45.69,4,NULL,2021-10-08 15:00:01,2021-10-08 15:00:01
10341,S10_1678,41,84.22,9,NULL,2021-10-08 15:00:01,2021-10-08 15:00:01
10354,S10_1678,42,84.22,6,NULL,2021-10-08 15:00:01,2021-10-08 15:00:01
10280,S10_1949,34,205.73,2,NULL,2021-10-08 15:00:01,2021-10-08 15:00:01
10354,S10_2016,20,95.15,2,NULL,2021-10-08 15:00:01,2021-10-08 15:00:01
10253,S12_1099,24,157.60,13,NULL,2021-10-08 15:00:01,2021-10-08 15:00:01
10300,S12_1099,33,184.84,5,NULL,2021-10-08 15:00:01,2021-10-08 15:00:01
10310,S12_1099,33,165.38,10,NULL,2021-10-08 15:00:01,2021-10-08 15:00:01
10320,S12_1099,31,184.84,3,NULL,2021-10-08 15:00:01,2021-10-08 15:00:01
10341,S12_1099,45,192.62,2,NULL,2021-10-08 15:00:01,2021-10-08 15:00:01
10354,S12_1099,31,157.60,9,NULL,2021-10-08 15:00:01,2021-10-08 15:00:01
10341,S12_2823,55,120.50,8,NULL,2021-10-08 15:00:01,2021-10-08 15:00:01
10354,S12_2823,35,141.58,4,NULL,2021-10-08 15:00:01,2021-10-08 15:00:01
10260,S12_3148,30,140.50,6,NULL,2021-10-08 15:00:01,2021-10-08 15:00:01
10293,S12_3148,24,129.93,9,NULL,2021-10-08 15:00:01,2021-10-08 15:00:01
10314,S12_3148,46,125.40,6,NULL,2021-10-08 15:00:01,2021-10-08 15:00:01
10348,S12_3148,47,122.37,4,NULL,2021-10-08 15:00:01,2021-10-08 15:00:01
10358,S12_3148,49,129.93,5,NULL,2021-10-08 15:00:01,2021-10-08 15:00:01
10253,S12_3380,22,102.17,11,NULL,2021-10-08 15:00:01,2021-10-08 15:00:01
10300,S12_3380,29,116.27,3,NULL,2021-10-08 15:00:01,2021-10-08 15:00:01
10310,S12_3380,24,105.70,8,NULL,2021-10-08 15:00:01,2021-10-08 15:00:01
10320,S12_3380,35,102.17,1,NULL,2021-10-08 15:00:01,2021-10-08 15:00:01
10341,S12_3380,44,111.57,1,NULL,2021-10-08 15:00:01,2021-10-08 15:00:01
10354,S12_3380,29,98.65,11,NULL,2021-10-08 15:00:01,2021-10-08 15:00:01
10260,S12_3891,44,169.56,4,NULL,2021-10-08 15:00:01,2021-10-08 15:00:01
10293,S12_3891,45,171.29,7,NULL,2021-10-08 15:00:01,2021-10-08 15:00:01
10314,S12_3891,36,169.56,4,NULL,2021-10-08 15:00:01,2021-10-08 15:00:01
10253,S12_3990,25,67.03,14,NULL,2021-10-08 15:00:01,2021-10-08 15:00:01
10300,S12_3990,22,76.61,6,NULL,2021-10-08 15:00:01,2021-10-08 15:00:01
10310,S12_3990,49,77.41,11,NULL,2021-10-08 15:00:01,2021-10-08 15:00:01
10320,S12_3990,38,63.84,4,NULL,2021-10-08 15:00:01,2021-10-08 15:00:01
10341,S12_3990,36,77.41,10,NULL,2021-10-08 15:00:01,2021-10-08 15:00:01
10354,S12_3990,23,76.61,12,NULL,2021-10-08 15:00:01,2021-10-08 15:00:01
10246,S12_4473,46,99.54,5,NULL,2021-10-08 15:00:01,2021-10-08 15:00:01
10314,S12_4473,45,95.99,14,NULL,2021-10-08 15:00:01,2021-10-08 15:00:01
10239,S12_4675,21,100.19,5,NULL,2021-10-08 15:00:01,2021-10-08 15:00:01
10253,S12_4675,41,109.40,10,NULL,2021-10-08 15:00:01,2021-10-08 15:00:01
10277,S12_4675,28,93.28,1,NULL,2021-10-08 15:00:01,2021-10-08 15:00:01
10300,S12_4675,23,95.58,2,NULL,2021-10-08 15:00:01,2021-10-08 15:00:01
10310,S12_4675,25,101.34,7,NULL,2021-10-08 15:00:01,2021-10-08 15:00:01
10341,S12_4675,55,109.40,7,NULL,2021-10-08 15:00:01,2021-10-08 15:00:01
10354,S12_4675,28,100.19,13,NULL,2021-10-08 15:00:01,2021-10-08 15:00:01
10280,S18_1097,24,98.00,1,NULL,2021-10-08 15:00:01,2021-10-08 15:00:01
10244,S18_1342,40,99.66,7,NULL,2021-10-08 15:00:01,2021-10-08 15:00:01
10256,S18_1342,34,93.49,2,NULL,2021-10-08 15:00:01,2021-10-08 15:00:01
10268,S18_1342,49,93.49,3,NULL,2021-10-08 15:00:01,2021-10-08 15:00:01
10280,S18_1342,50,87.33,9,NULL,2021-10-08 15:00:01,2021-10-08 15:00:01
10289,S18_1342,38,92.47,2,NULL,2021-10-08 15:00:01,2021-10-08 15:00:01
10356,S18_1342,50,82.19,9,NULL,2021-10-08 15:00:01,2021-10-08 15:00:01
10244,S18_1367,20,48.52,6,NULL,2021-10-08 15:00:01,2021-10-08 15:00:01
10256,S18_1367,29,52.83,1,NULL,2021-10-08 15:00:01,2021-10-08 15:00:01
10268,S18_1367,26,45.82,2,NULL,2021-10-08 15:00:01,2021-10-08 15:00:01
10280,S18_1367,27,47.44,8,NULL,2021-10-08 15:00:01,2021-10-08 15:00:01
10289,S18_1367,24,44.75,1,NULL,2021-10-08 15:00:01,2021-10-08 15:00:01
10356,S18_1367,22,44.75,6,NULL,2021-10-08 15:00:01,2021-10-08 15:00:01
10241,S18_1589,21,119.46,11,NULL,2021-10-08 15:00:01,2021-10-08 15:00:01
10253,S18_1589,24,103.29,1,NULL,2021-10-08 15:00:01,2021-10-08 15:00:01
10301,S18_1589,32,118.22,4,NULL,2021-10-08 15:00:01,2021-10-08 15:00:01
10311,S18_1589,29,124.44,9,NULL,2021-10-08 15:00:01,2021-10-08 15:00:01
10262,S18_1662,49,157.69,9,NULL,2021-10-08 15:00:01,2021-10-08 15:00:01
10284,S18_1662,45,137.19,11,NULL,2021-10-08 15:00:01,2021-10-08 15:00:01
10296,S18_1662,36,146.65,7,NULL,2021-10-08 15:00:01,2021-10-08 15:00:01
10327,S18_1662,25,154.54,6,NULL,2021-10-08 15:00:01,2021-10-08 15:00:01
10241,S18_1749,41,153.00,2,NULL,2021-10-08 15:00:01,2021-10-08 15:00:01
10254,S18_1749,49,137.70,5,NULL,2021-10-08 15:00:01,2021-10-08 15:00:01
10268,S18_1749,34,164.90,10,NULL,2021-10-08 15:00:01,2021-10-08 15:00:01
10280,S18_1749,26,161.50,16,NULL,2021-10-08 15:00:01,2021-10-08 15:00:01
10302,S18_1749,43,166.60,1,NULL,2021-10-08 15:00:01,2021-10-08 15:00:01
10344,S18_1749,45,168.30,1,NULL,2021-10-08 15:00:01,2021-10-08 15:00:01
10240,S18_1984,37,136.56,2,NULL,2021-10-08 15:00:01,2021-10-08 15:00:01
10253,S18_1984,33,130.87,4,NULL,2021-10-08 15:00:01,2021-10-08 15:00:01
10301,S18_1984,47,119.49,7,NULL,2021-10-08 15:00:01,2021-10-08 15:00:01
10310,S18_1984,24,129.45,1,NULL,2021-10-08 15:00:01,2021-10-08 15:00:01
10356,S18_1984,27,130.87,2,NULL,2021-10-08 15:00:01,2021-10-08 15:00:01
10246,S18_2238,40,144.08,4,NULL,2021-10-08 15:00:01,2021-10-08 15:00:01
10314,S18_2238,42,135.90,13,NULL,2021-10-08 15:00:01,2021-10-08 15:00:01
10241,S18_2248,33,55.70,1,NULL,2021-10-08 15:00:01,2021-10-08 15:00:01
10254,S18_2248,36,55.09,4,NULL,2021-10-08 15:00:01,2021-10-08 15:00:01
10268,S18_2248,31,60.54,9,NULL,2021-10-08 15:00:01,2021-10-08 15:00:01
10280,S18_2248,25,53.28,15,NULL,2021-10-08 15:00:01,2021-10-08 15:00:01
10303,S18_2248,46,56.91,2,NULL,2021-10-08 15:00:01,2021-10-08 15:00:01
10344,S18_2248,40,49.04,2,NULL,2021-10-08 15:00:01,2021-10-08 15:00:01
10246,S18_2319,22,100.64,8,NULL,2021-10-08 15:00:01,2021-10-08 15:00:01
10334,S18_2319,46,108.00,6,NULL,2021-10-08 15:00:01,2021-10-08 15:00:01
10358,S18_2319,20,99.41,11,NULL,2021-10-08 15:00:01,2021-10-08 15:00:01
10254,S18_2325,41,102.98,2,NULL,2021-10-08 15:00:01,2021-10-08 15:00:01
10268,S18_2325,50,124.59,7,NULL,2021-10-08 15:00:01,2021-10-08 15:00:01
10280,S18_2325,37,109.33,13,NULL,2021-10-08 15:00:01,2021-10-08 15:00:01
10344,S18_2325,30,118.23,3,NULL,2021-10-08 15:00:01,2021-10-08 15:00:01
10356,S18_2325,29,106.79,3,NULL,2021-10-08 15:00:01,2021-10-08 15:00:01
10246,S18_2432,30,57.73,11,NULL,2021-10-08 15:00:01,2021-10-08 15:00:01
10334,S18_2432,34,52.87,1,NULL,2021-10-08 15:00:01,2021-10-08 15:00:01
10284,S18_2581,31,68.43,1,NULL,2021-10-08 15:00:01,2021-10-08 15:00:01
10327,S18_2581,45,74.34,8,NULL,2021-10-08 15:00:01,2021-10-08 15:00:01
10244,S18_2795,43,141.75,8,NULL,2021-10-08 15:00:01,2021-10-08 15:00:01
10255,S18_2795,24,135.00,1,NULL,2021-10-08 15:00:01,2021-10-08 15:00:01
10268,S18_2795,35,148.50,4,NULL,2021-10-08 15:00:01,2021-10-08 15:00:01
10280,S18_2795,22,158.63,10,NULL,2021-10-08 15:00:01,2021-10-08 15:00:01
10289,S18_2795,43,141.75,3,NULL,2021-10-08 15:00:01,2021-10-08 15:00:01
10356,S18_2795,30,158.63,1,NULL,2021-10-08 15:00:01,2021-10-08 15:00:01
10241,S18_2870,44,126.72,12,NULL,2021-10-08 15:00:01,2021-10-08 15:00:01
10253,S18_2870,37,114.84,2,NULL,2021-10-08 15:00:01,2021-10-08 15:00:01
10301,S18_2870,22,113.52,5,NULL,2021-10-08 15:00:01,2021-10-08 15:00:01
10311,S18_2870,43,114.84,10,NULL,2021-10-08 15:00:01,2021-10-08 15:00:01
10244,S18_2949,30,87.13,1,NULL,2021-10-08 15:00:01,2021-10-08 15:00:01
10280,S18_2949,46,82.06,3,NULL,2021-10-08 15:00:01,2021-10-08 15:00:01
10244,S18_2957,24,54.96,3,NULL,2021-10-08 15:00:01,2021-10-08 15:00:01
10269,S18_2957,32,57.46,1,NULL,2021-10-08 15:00:01,2021-10-08 15:00:01
10280,S18_2957,43,54.34,5,NULL,2021-10-08 15:00:01,2021-10-08 15:00:01
10262,S18_3029,32,81.72,15,NULL,2021-10-08 15:00:01,2021-10-08 15:00:01
10273,S18_3029,34,84.30,2,NULL,2021-10-08 15:00:01,2021-10-08 15:00:01
10296,S18_3029,21,69.68,13,NULL,2021-10-08 15:00:01,2021-10-08 15:00:01
10327,S18_3029,25,74.84,5,NULL,2021-10-08 15:00:01,2021-10-08 15:00:01
10350,S18_3029,43,84.30,6,NULL,2021-10-08 15:00:01,2021-10-08 15:00:01
10244,S18_3136,29,85.87,2,NULL,2021-10-08 15:00:01,2021-10-08 15:00:01
10280,S18_3136,29,102.63,4,NULL,2021-10-08 15:00:01,2021-10-08 15:00:01
10260,S18_3140,32,121.57,1,NULL,2021-10-08 15:00:01,2021-10-08 15:00:01
10273,S18_3140,40,117.47,13,NULL,2021-10-08 15:00:01,2021-10-08 15:00:01
10293,S18_3140,24,110.64,4,NULL,2021-10-08 15:00:01,2021-10-08 15:00:01
10314,S18_3140,20,129.76,1,NULL,2021-10-08 15:00:01,2021-10-08 15:00:01
10350,S18_3140,44,135.22,1,NULL,2021-10-08 15:00:01,2021-10-08 15:00:01
10260,S18_3259,29,92.77,3,NULL,2021-10-08 15:00:01,2021-10-08 15:00:01
10273,S18_3259,47,87.73,15,NULL,2021-10-08 15:00:01,2021-10-08 15:00:01
10293,S18_3259,22,91.76,6,NULL,2021-10-08 15:00:01,2021-10-08 15:00:01
10314,S18_3259,23,84.71,3,NULL,2021-10-08 15:00:01,2021-10-08 15:00:01
10326,S18_3259,32,94.79,6,NULL,2021-10-08 15:00:01,2021-10-08 15:00:01
10350,S18_3259,41,94.79,2,NULL,2021-10-08 15:00:01,2021-10-08 15:00:01
10252,S18_3278,20,74.78,2,NULL,2021-10-08 15:00:01,2021-10-08 15:00:01
10300,S18_3278,49,65.94,8,NULL,2021-10-08 15:00:01,2021-10-08 15:00:01
10310,S18_3278,27,70.76,13,NULL,2021-10-08 15:00:01,2021-10-08 15:00:01
10354,S18_3278,36,69.15,7,NULL,2021-10-08 15:00:01,2021-10-08 15:00:01
10240,S18_3685,37,134.22,1,NULL,2021-10-08 15:00:01,2021-10-08 15:00:01
10253,S18_3685,31,139.87,3,NULL,2021-10-08 15:00:01,2021-10-08 15:00:01
10301,S18_3685,39,137.04,6,NULL,2021-10-08 15:00:01,2021-10-08 15:00:01
10311,S18_3685,32,134.22,11,NULL,2021-10-08 15:00:01,2021-10-08 15:00:01
10252,S18_3782,31,50.36,5,NULL,2021-10-08 15:00:01,2021-10-08 15:00:01
10310,S18_3782,42,59.06,16,NULL,2021-10-08 15:00:01,2021-10-08 15:00:01
10355,S18_3782,31,60.30,1,NULL,2021-10-08 15:00:01,2021-10-08 15:00:01
10262,S18_3856,34,85.75,14,NULL,2021-10-08 15:00:01,2021-10-08 15:00:01
10273,S18_3856,50,105.87,1,NULL,2021-10-08 15:00:01,2021-10-08 15:00:01
10296,S18_3856,22,105.87,12,NULL,2021-10-08 15:00:01,2021-10-08 15:00:01
10260,S18_4027,23,137.88,8,NULL,2021-10-08 15:00:01,2021-10-08 15:00:01
10314,S18_4027,29,129.26,8,NULL,2021-10-08 15:00:01,2021-10-08 15:00:01
10241,S18_4409,42,77.31,3,NULL,2021-10-08 15:00:01,2021-10-08 15:00:01
10254,S18_4409,34,80.99,6,NULL,2021-10-08 15:00:01,2021-10-08 15:00:01
10268,S18_4409,35,84.67,11,NULL,2021-10-08 15:00:01,2021-10-08 15:00:01
10280,S18_4409,35,77.31,17,NULL,2021-10-08 15:00:01,2021-10-08 15:00:01
10302,S18_4409,38,82.83,2,NULL,2021-10-08 15:00:01,2021-10-08 15:00:01
10311,S18_4409,41,92.03,1,NULL,2021-10-08 15:00:01,2021-10-08 15:00:01
10344,S18_4409,21,80.99,4,NULL,2021-10-08 15:00:01,2021-10-08 15:00:01
10273,S18_4522,33,72.85,12,NULL,2021-10-08 15:00:01,2021-10-08 15:00:01
10293,S18_4522,49,72.85,3,NULL,2021-10-08 15:00:01,2021-10-08 15:00:01
10326,S18_4522,50,73.73,5,NULL,2021-10-08 15:00:01,2021-10-08 15:00:01
10350,S18_4522,30,70.22,3,NULL,2021-10-08 15:00:01,2021-10-08 15:00:01
10323,S18_4600,47,96.86,1,NULL,2021-10-08 15:00:01,2021-10-08 15:00:01
10334,S18_4600,49,101.71,4,NULL,2021-10-08 15:00:01,2021-10-08 15:00:01
10348,S18_4668,29,43.77,6,NULL,2021-10-08 15:00:01,2021-10-08 15:00:01
10252,S18_4721,26,127.97,4,NULL,2021-10-08 15:00:01,2021-10-08 15:00:01
10310,S18_4721,40,133.92,15,NULL,2021-10-08 15:00:01,2021-10-08 15:00:01
10355,S18_4721,25,124.99,2,NULL,2021-10-08 15:00:01,2021-10-08 15:00:01
10241,S24_1046,22,72.02,8,NULL,2021-10-08 15:00:01,2021-10-08 15:00:01
10254,S24_1046,34,66.88,11,NULL,2021-10-08 15:00:01,2021-10-08 15:00:01
10279,S24_1046,32,68.35,5,NULL,2021-10-08 15:00:01,2021-10-08 15:00:01
10301,S24_1046,27,64.67,1,NULL,2021-10-08 15:00:01,2021-10-08 15:00:01
10311,S24_1046,26,70.55,6,NULL,2021-10-08 15:00:01,2021-10-08 15:00:01
10344,S24_1046,29,61.00,7,NULL,2021-10-08 15:00:01,2021-10-08 15:00:01
10246,S24_1444,44,46.24,2,NULL,2021-10-08 15:00:01,2021-10-08 15:00:01
10314,S24_1444,44,51.44,11,NULL,2021-10-08 15:00:01,2021-10-08 15:00:01
10358,S24_1444,44,56.07,14,NULL,2021-10-08 15:00:01,2021-10-08 15:00:01
10354,S24_1578,21,96.92,5,NULL,2021-10-08 15:00:01,2021-10-08 15:00:01
10241,S24_1628,21,47.29,10,NULL,2021-10-08 15:00:01,2021-10-08 15:00:01
10254,S24_1628,32,43.27,13,NULL,2021-10-08 15:00:01,2021-10-08 15:00:01
10301,S24_1628,22,40.75,3,NULL,2021-10-08 15:00:01,2021-10-08 15:00:01
10311,S24_1628,45,48.80,8,NULL,2021-10-08 15:00:01,2021-10-08 15:00:01
10254,S24_1937,38,28.88,1,NULL,2021-10-08 15:00:01,2021-10-08 15:00:01
10268,S24_1937,33,31.86,6,NULL,2021-10-08 15:00:01,2021-10-08 15:00:01
10280,S24_1937,20,29.87,12,NULL,2021-10-08 15:00:01,2021-10-08 15:00:01
10344,S24_1937,20,27.88,6,NULL,2021-10-08 15:00:01,2021-10-08 15:00:01
10356,S24_1937,48,31.86,5,NULL,2021-10-08 15:00:01,2021-10-08 15:00:01
10273,S24_2011,22,103.23,11,NULL,2021-10-08 15:00:01,2021-10-08 15:00:01
10293,S24_2011,21,111.83,2,NULL,2021-10-08 15:00:01,2021-10-08 15:00:01
10326,S24_2011,41,120.43,4,NULL,2021-10-08 15:00:01,2021-10-08 15:00:01
10350,S24_2011,34,98.31,7,NULL,2021-10-08 15:00:01,2021-10-08 15:00:01
10244,S24_2022,39,42.11,9,NULL,2021-10-08 15:00:01,2021-10-08 15:00:01
10255,S24_2022,37,37.63,2,NULL,2021-10-08 15:00:01,2021-10-08 15:00:01
10268,S24_2022,40,36.29,5,NULL,2021-10-08 15:00:01,2021-10-08 15:00:01
10280,S24_2022,45,36.29,11,NULL,2021-10-08 15:00:01,2021-10-08 15:00:01
10289,S24_2022,45,41.22,4,NULL,2021-10-08 15:00:01,2021-10-08 15:00:01
10356,S24_2022,26,42.11,7,NULL,2021-10-08 15:00:01,2021-10-08 15:00:01
10246,S24_2300,29,118.84,10,NULL,2021-10-08 15:00:01,2021-10-08 15:00:01
10334,S24_2300,42,117.57,5,NULL,2021-10-08 15:00:01,2021-10-08 15:00:01
10348,S24_2300,37,107.34,1,NULL,2021-10-08 15:00:01,2021-10-08 15:00:01
10252,S24_2360,47,63.03,8,NULL,2021-10-08 15:00:01,2021-10-08 15:00:01
10341,S24_2360,32,63.03,6,NULL,2021-10-08 15:00:01,2021-10-08 15:00:01
10355,S24_2360,41,56.10,3,NULL,2021-10-08 15:00:01,2021-10-08 15:00:01
10246,S24_2840,49,34.65,6,NULL,2021-10-08 15:00:01,2021-10-08 15:00:01
10314,S24_2840,39,31.82,15,NULL,2021-10-08 15:00:01,2021-10-08 15:00:01
10358,S24_2840,36,33.59,4,NULL,2021-10-08 15:00:01,2021-10-08 15:00:01
10262,S24_2841,24,63.71,10,NULL,2021-10-08 15:00:01,2021-10-08 15:00:01
10284,S24_2841,30,65.08,12,NULL,2021-10-08 15:00:01,2021-10-08 15:00:01
10296,S24_2841,21,60.97,8,NULL,2021-10-08 15:00:01,2021-10-08 15:00:01
10239,S24_2972,20,32.47,2,NULL,2021-10-08 15:00:01,2021-10-08 15:00:01
10253,S24_2972,40,34.74,7,NULL,2021-10-08 15:00:01,2021-10-08 15:00:01
10301,S24_2972,48,32.10,10,NULL,2021-10-08 15:00:01,2021-10-08 15:00:01
10310,S24_2972,33,33.23,4,NULL,2021-10-08 15:00:01,2021-10-08 15:00:01
10355,S24_2972,36,37.38,4,NULL,2021-10-08 15:00:01,2021-10-08 15:00:01
10273,S24_3151,27,84.08,6,NULL,2021-10-08 15:00:01,2021-10-08 15:00:01
10326,S24_3151,41,86.74,3,NULL,2021-10-08 15:00:01,2021-10-08 15:00:01
10350,S24_3151,30,86.74,9,NULL,2021-10-08 15:00:01,2021-10-08 15:00:01
10241,S24_3191,26,69.34,7,NULL,2021-10-08 15:00:01,2021-10-08 15:00:01
10254,S24_3191,42,69.34,10,NULL,2021-10-08 15:00:01,2021-10-08 15:00:01
10279,S24_3191,33,78.76,4,NULL,2021-10-08 15:00:01,2021-10-08 15:00:01
10302,S24_3191,48,74.48,6,NULL,2021-10-08 15:00:01,2021-10-08 15:00:01
10311,S24_3191,25,85.61,5,NULL,2021-10-08 15:00:01,2021-10-08 15:00:01
10253,S24_3371,24,50.82,12,NULL,2021-10-08 15:00:01,2021-10-08 15:00:01
10300,S24_3371,31,52.05,4,NULL,2021-10-08 15:00:01,2021-10-08 15:00:01
10310,S24_3371,38,50.21,9,NULL,2021-10-08 15:00:01,2021-10-08 15:00:01
10320,S24_3371,26,60.62,2,NULL,2021-10-08 15:00:01,2021-10-08 15:00:01
10355,S24_3371,44,60.62,6,NULL,2021-10-08 15:00:01,2021-10-08 15:00:01
10262,S24_3420,46,65.75,11,NULL,2021-10-08 15:00:01,2021-10-08 15:00:01
10284,S24_3420,39,59.83,13,NULL,2021-10-08 15:00:01,2021-10-08 15:00:01
10296,S24_3420,31,63.78,9,NULL,2021-10-08 15:00:01,2021-10-08 15:00:01
10241,S24_3432,27,107.08,9,NULL,2021-10-08 15:00:01,2021-10-08 15:00:01
10254,S24_3432,49,101.73,12,NULL,2021-10-08 15:00:01,2021-10-08 15:00:01
10279,S24_3432,48,95.30,6,NULL,2021-10-08 15:00:01,2021-10-08 15:00:01
10301,S24_3432,22,86.73,2,NULL,2021-10-08 15:00:01,2021-10-08 15:00:01
10311,S24_3432,46,91.02,7,NULL,2021-10-08 15:00:01,2021-10-08 15:00:01
10253,S24_3856,39,115.15,8,NULL,2021-10-08 15:00:01,2021-10-08 15:00:01
10301,S24_3856,50,122.17,11,NULL,2021-10-08 15:00:01,2021-10-08 15:00:01
10310,S24_3856,45,139.03,5,NULL,2021-10-08 15:00:01,2021-10-08 15:00:01
10355,S24_3856,32,137.62,8,NULL,2021-10-08 15:00:01,2021-10-08 15:00:01
10262,S24_3949,48,58.69,8,NULL,2021-10-08 15:00:01,2021-10-08 15:00:01
10284,S24_3949,21,65.51,10,NULL,2021-10-08 15:00:01,2021-10-08 15:00:01
10296,S24_3949,32,63.46,6,NULL,2021-10-08 15:00:01,2021-10-08 15:00:01
10254,S24_3969,20,39.80,3,NULL,2021-10-08 15:00:01,2021-10-08 15:00:01
10268,S24_3969,30,37.75,8,NULL,2021-10-08 15:00:01,2021-10-08 15:00:01
10280,S24_3969,33,35.29,14,NULL,2021-10-08 15:00:01,2021-10-08 15:00:01
10303,S24_3969,24,35.70,1,NULL,2021-10-08 15:00:01,2021-10-08 15:00:01
10244,S24_4258,40,97.39,4,NULL,2021-10-08 15:00:01,2021-10-08 15:00:01
10269,S24_4258,48,95.44,2,NULL,2021-10-08 15:00:01,2021-10-08 15:00:01
10280,S24_4258,21,79.86,6,NULL,2021-10-08 15:00:01,2021-10-08 15:00:01
10348,S24_4258,39,82.78,2,NULL,2021-10-08 15:00:01,2021-10-08 15:00:01
10284,S24_4278,21,66.65,2,NULL,2021-10-08 15:00:01,2021-10-08 15:00:01
10252,S24_4620,38,69.52,3,NULL,2021-10-08 15:00:01,2021-10-08 15:00:01
10310,S24_4620,49,75.18,14,NULL,2021-10-08 15:00:01,2021-10-08 15:00:01
10355,S24_4620,28,75.18,9,NULL,2021-10-08 15:00:01,2021-10-08 15:00:01
10348,S32_1268,42,90.53,3,NULL,2021-10-08 15:00:01,2021-10-08 15:00:01
10246,S32_2509,35,45.45,7,NULL,2021-10-08 15:00:01,2021-10-08 15:00:01
10262,S32_4289,40,63.97,2,NULL,2021-10-08 15:00:01,2021-10-08 15:00:01
10284,S32_4289,50,60.54,4,NULL,2021-10-08 15:00:01,2021-10-08 15:00:01
10252,S32_4485,25,93.89,9,NULL,2021-10-08 15:00:01,2021-10-08 15:00:01
10341,S32_4485,31,95.93,4,NULL,2021-10-08 15:00:01,2021-10-08 15:00:01
10355,S32_4485,40,93.89,5,NULL,2021-10-08 15:00:01,2021-10-08 15:00:01
10260,S50_1514,21,56.24,7,NULL,2021-10-08 15:00:01,2021-10-08 15:00:01
10314,S50_1514,38,50.38,7,NULL,2021-10-08 15:00:01,2021-10-08 15:00:01
10350,S50_1514,44,56.82,17,NULL,2021-10-08 15:00:01,2021-10-08 15:00:01
10273,S700_1138,21,66.00,7,NULL,2021-10-08 15:00:01,2021-10-08 15:00:01
10326,S700_1138,39,60.67,1,NULL,2021-10-08 15:00:01,2021-10-08 15:00:01
10350,S700_1138,46,56.00,11,NULL,2021-10-08 15:00:01,2021-10-08 15:00:01
10260,S700_1938,33,80.55,2,NULL,2021-10-08 15:00:01,2021-10-08 15:00:01
10273,S700_1938,21,77.95,14,NULL,2021-10-08 15:00:01,2021-10-08 15:00:01
10293,S700_1938,29,77.95,5,NULL,2021-10-08 15:00:01,2021-10-08 15:00:01
10314,S700_1938,23,83.15,2,NULL,2021-10-08 15:00:01,2021-10-08 15:00:01
10327,S700_1938,20,79.68,7,NULL,2021-10-08 15:00:01,2021-10-08 15:00:01
10350,S700_1938,28,76.22,4,NULL,2021-10-08 15:00:01,2021-10-08 15:00:01
10262,S700_2047,44,83.28,13,NULL,2021-10-08 15:00:01,2021-10-08 15:00:01
10296,S700_2047,34,89.61,11,NULL,2021-10-08 15:00:01,2021-10-08 15:00:01
10262,S700_2466,33,81.77,6,NULL,2021-10-08 15:00:01,2021-10-08 15:00:01
10284,S700_2466,45,95.73,8,NULL,2021-10-08 15:00:01,2021-10-08 15:00:01
10296,S700_2466,24,96.73,4,NULL,2021-10-08 15:00:01,2021-10-08 15:00:01
10348,S700_2824,32,100.14,7,NULL,2021-10-08 15:00:01,2021-10-08 15:00:01
10262,S700_3167,27,64.80,5,NULL,2021-10-08 15:00:01,2021-10-08 15:00:01
10284,S700_3167,25,68.00,7,NULL,2021-10-08 15:00:01,2021-10-08 15:00:01
10296,S700_3167,22,74.40,3,NULL,2021-10-08 15:00:01,2021-10-08 15:00:01
10341,S700_3167,34,70.40,5,NULL,2021-10-08 15:00:01,2021-10-08 15:00:01
10273,S700_3505,40,91.15,8,NULL,2021-10-08 15:00:01,2021-10-08 15:00:01
10327,S700_3505,43,85.14,2,NULL,2021-10-08 15:00:01,2021-10-08 15:00:01
10350,S700_3505,31,87.15,13,NULL,2021-10-08 15:00:01,2021-10-08 15:00:01
10273,S700_3962,26,89.38,9,NULL,2021-10-08 15:00:01,2021-10-08 15:00:01
10327,S700_3962,37,83.42,3,NULL,2021-10-08 15:00:01,2021-10-08 15:00:01
10350,S700_3962,25,97.32,16,NULL,2021-10-08 15:00:01,2021-10-08 15:00:01
10262,S700_4002,35,64.41,7,NULL,2021-10-08 15:00:01,2021-10-08 15:00:01
10284,S700_4002,32,73.29,9,NULL,2021-10-08 15:00:01,2021-10-08 15:00:01
10296,S700_4002,47,61.44,5,NULL,2021-10-08 15:00:01,2021-10-08 15:00:01
10262,S72_1253,21,41.71,12,NULL,2021-10-08 15:00:01,2021-10-08 15:00:01
10296,S72_1253,21,46.68,10,NULL,2021-10-08 15:00:01,2021-10-08 15:00:01
10403,S10_1678,24,85.17,7,NULL,2021-10-08 15:00:01,2021-10-08 15:00:01
10417,S10_1678,66,79.43,2,NULL,2021-10-08 15:00:01,2021-10-08 15:00:01
10424,S10_1949,50,201.44,6,NULL,2021-10-08 15:00:01,2021-10-08 15:00:01
10402,S10_2016,45,118.94,1,NULL,2021-10-08 15:00:01,2021-10-08 15:00:01
10417,S10_2016,45,116.56,5,NULL,2021-10-08 15:00:01,2021-10-08 15:00:01
10404,S12_1099,64,163.44,3,NULL,2021-10-08 15:00:01,2021-10-08 15:00:01
10419,S12_1099,12,182.90,13,NULL,2021-10-08 15:00:01,2021-10-08 15:00:01
10403,S12_2823,66,122.00,6,NULL,2021-10-08 15:00:01,2021-10-08 15:00:01
10417,S12_2823,21,144.60,1,NULL,2021-10-08 15:00:01,2021-10-08 15:00:01
10393,S12_3148,35,145.04,8,NULL,2021-10-08 15:00:01,2021-10-08 15:00:01
10404,S12_3380,43,102.17,1,NULL,2021-10-08 15:00:01,2021-10-08 15:00:01
10419,S12_3380,10,111.57,11,NULL,2021-10-08 15:00:01,2021-10-08 15:00:01
10404,S12_3990,77,67.03,4,NULL,2021-10-08 15:00:01,2021-10-08 15:00:01
10419,S12_3990,34,64.64,14,NULL,2021-10-08 15:00:01,2021-10-08 15:00:01
10358,S12_4473,42,98.36,9,NULL,2021-10-08 15:00:01,2021-10-08 15:00:01
10393,S12_4473,32,99.54,10,NULL,2021-10-08 15:00:01,2021-10-08 15:00:01
10412,S12_4473,54,100.73,5,NULL,2021-10-08 15:00:01,2021-10-08 15:00:01
10405,S12_4675,97,115.16,5,NULL,2021-10-08 15:00:01,2021-10-08 15:00:01
10419,S12_4675,32,99.04,10,NULL,2021-10-08 15:00:01,2021-10-08 15:00:01
10424,S18_1097,54,108.50,5,NULL,2021-10-08 15:00:01,2021-10-08 15:00:01
10380,S18_1342,27,88.36,13,NULL,2021-10-08 15:00:01,2021-10-08 15:00:01
10410,S18_1342,65,99.66,7,NULL,2021-10-08 15:00:01,2021-10-08 15:00:01
10410,S18_1367,44,51.21,6,NULL,2021-10-08 15:00:01,2021-10-08 15:00:01
10378,S18_1589,34,121.95,5,NULL,2021-10-08 15:00:01,2021-10-08 15:00:01
10419,S18_1589,37,100.80,1,NULL,2021-10-08 15:00:01,2021-10-08 15:00:01
10373,S18_1662,28,143.50,4,NULL,2021-10-08 15:00:01,2021-10-08 15:00:01
10386,S18_1662,25,130.88,7,NULL,2021-10-08 15:00:01,2021-10-08 15:00:01
10379,S18_1749,39,156.40,2,NULL,2021-10-08 15:00:01,2021-10-08 15:00:01
10406,S18_1984,48,133.72,2,NULL,2021-10-08 15:00:01,2021-10-08 15:00:01
10419,S18_1984,34,133.72,4,NULL,2021-10-08 15:00:01,2021-10-08 15:00:01
10358,S18_2238,20,142.45,10,NULL,2021-10-08 15:00:01,2021-10-08 15:00:01
10393,S18_2238,20,137.53,11,NULL,2021-10-08 15:00:01,2021-10-08 15:00:01
10412,S18_2238,41,150.63,4,NULL,2021-10-08 15:00:01,2021-10-08 15:00:01
10379,S18_2248,27,50.85,1,NULL,2021-10-08 15:00:01,2021-10-08 15:00:01
10383,S18_2319,27,119.05,11,NULL,2021-10-08 15:00:01,2021-10-08 15:00:01
10393,S18_2319,38,104.32,7,NULL,2021-10-08 15:00:01,2021-10-08 15:00:01
10412,S18_2319,56,120.28,8,NULL,2021-10-08 15:00:01,2021-10-08 15:00:01
10380,S18_2325,40,119.50,10,NULL,2021-10-08 15:00:01,2021-10-08 15:00:01
10412,S18_2432,47,49.83,11,NULL,2021-10-08 15:00:01,2021-10-08 15:00:01
10386,S18_2581,21,72.65,18,NULL,2021-10-08 15:00:01,2021-10-08 15:00:01
10380,S18_2795,21,156.94,8,NULL,2021-10-08 15:00:01,2021-10-08 15:00:01
10410,S18_2795,56,145.13,8,NULL,2021-10-08 15:00:01,2021-10-08 15:00:01
10379,S18_2870,29,113.52,5,NULL,2021-10-08 15:00:01,2021-10-08 15:00:01
10419,S18_2870,55,116.16,2,NULL,2021-10-08 15:00:01,2021-10-08 15:00:01
10410,S18_2949,47,93.21,1,NULL,2021-10-08 15:00:01,2021-10-08 15:00:01
10423,S18_2949,10,89.15,1,NULL,2021-10-08 15:00:01,2021-10-08 15:00:01
10410,S18_2957,53,49.97,3,NULL,2021-10-08 15:00:01,2021-10-08 15:00:01
10423,S18_2957,31,56.21,3,NULL,2021-10-08 15:00:01,2021-10-08 15:00:01
10373,S18_3029,22,75.70,5,NULL,2021-10-08 15:00:01,2021-10-08 15:00:01
10386,S18_3029,37,73.12,5,NULL,2021-10-08 15:00:01,2021-10-08 15:00:01
10410,S18_3136,34,84.82,2,NULL,2021-10-08 15:00:01,2021-10-08 15:00:01
10423,S18_3136,21,98.44,2,NULL,2021-10-08 15:00:01,2021-10-08 15:00:01
10383,S18_3140,24,125.66,9,NULL,2021-10-08 15:00:01,2021-10-08 15:00:01
10383,S18_3259,26,83.70,12,NULL,2021-10-08 15:00:01,2021-10-08 15:00:01
10378,S18_3278,22,66.74,4,NULL,2021-10-08 15:00:01,2021-10-08 15:00:01
10404,S18_3278,90,67.54,6,NULL,2021-10-08 15:00:01,2021-10-08 15:00:01
10418,S18_3278,16,70.76,2,NULL,2021-10-08 15:00:01,2021-10-08 15:00:01
10379,S18_3685,32,134.22,4,NULL,2021-10-08 15:00:01,2021-10-08 15:00:01
10406,S18_3685,65,117.26,1,NULL,2021-10-08 15:00:01,2021-10-08 15:00:01
10419,S18_3685,43,114.44,3,NULL,2021-10-08 15:00:01,2021-10-08 15:00:01
10378,S18_3782,28,60.30,9,NULL,2021-10-08 15:00:01,2021-10-08 15:00:01
10403,S18_3782,36,55.33,1,NULL,2021-10-08 15:00:01,2021-10-08 15:00:01
10418,S18_3782,33,56.57,5,NULL,2021-10-08 15:00:01,2021-10-08 15:00:01
10373,S18_3856,50,99.52,6,NULL,2021-10-08 15:00:01,2021-10-08 15:00:01
10386,S18_3856,22,100.58,6,NULL,2021-10-08 15:00:01,2021-10-08 15:00:01
10358,S18_4027,25,117.77,13,NULL,2021-10-08 15:00:01,2021-10-08 15:00:01
10383,S18_4027,38,137.88,1,NULL,2021-10-08 15:00:01,2021-10-08 15:00:01
10394,S18_4027,37,124.95,1,NULL,2021-10-08 15:00:01,2021-10-08 15:00:01
10380,S18_4409,32,78.23,1,NULL,2021-10-08 15:00:01,2021-10-08 15:00:01
10383,S18_4522,28,77.24,7,NULL,2021-10-08 15:00:01,2021-10-08 15:00:01
10393,S18_4600,30,106.55,9,NULL,2021-10-08 15:00:01,2021-10-08 15:00:01
10358,S18_4668,30,46.29,8,NULL,2021-10-08 15:00:01,2021-10-08 15:00:01
10393,S18_4668,44,41.76,1,NULL,2021-10-08 15:00:01,2021-10-08 15:00:01
10424,S18_4668,26,40.25,4,NULL,2021-10-08 15:00:01,2021-10-08 15:00:01
10378,S18_4721,49,122.02,8,NULL,2021-10-08 15:00:01,2021-10-08 15:00:01
10404,S18_4721,48,124.99,8,NULL,2021-10-08 15:00:01,2021-10-08 15:00:01
10418,S18_4721,28,120.53,4,NULL,2021-10-08 15:00:01,2021-10-08 15:00:01
10380,S24_1046,34,66.88,3,NULL,2021-10-08 15:00:01,2021-10-08 15:00:01
10383,S24_1444,22,52.60,2,NULL,2021-10-08 15:00:01,2021-10-08 15:00:01
10394,S24_1444,31,53.18,2,NULL,2021-10-08 15:00:01,2021-10-08 15:00:01
10412,S24_1444,21,47.40,2,NULL,2021-10-08 15:00:01,2021-10-08 15:00:01
10403,S24_1578,46,109.32,8,NULL,2021-10-08 15:00:01,2021-10-08 15:00:01
10417,S24_1578,35,109.32,3,NULL,2021-10-08 15:00:01,2021-10-08 15:00:01
10379,S24_1628,32,48.80,3,NULL,2021-10-08 15:00:01,2021-10-08 15:00:01
10380,S24_1937,32,29.87,4,NULL,2021-10-08 15:00:01,2021-10-08 15:00:01
10380,S24_2022,27,37.63,5,NULL,2021-10-08 15:00:01,2021-10-08 15:00:01
10410,S24_2022,31,42.56,9,NULL,2021-10-08 15:00:01,2021-10-08 15:00:01
10358,S24_2300,41,127.79,7,NULL,2021-10-08 15:00:01,2021-10-08 15:00:01
10393,S24_2300,33,112.46,2,NULL,2021-10-08 15:00:01,2021-10-08 15:00:01
10412,S24_2300,70,109.90,10,NULL,2021-10-08 15:00:01,2021-10-08 15:00:01
10403,S24_2360,27,57.49,4,NULL,2021-10-08 15:00:01,2021-10-08 15:00:01
10418,S24_2360,52,64.41,8,NULL,2021-10-08 15:00:01,2021-10-08 15:00:01
10383,S24_2840,40,33.24,3,NULL,2021-10-08 15:00:01,2021-10-08 15:00:01
10394,S24_2840,46,35.36,6,NULL,2021-10-08 15:00:01,2021-10-08 15:00:01
10412,S24_2840,30,32.88,6,NULL,2021-10-08 15:00:01,2021-10-08 15:00:01
10373,S24_2841,38,58.92,7,NULL,2021-10-08 15:00:01,2021-10-08 15:00:01
10386,S24_2841,39,56.86,1,NULL,2021-10-08 15:00:01,2021-10-08 15:00:01
10378,S24_2972,41,30.59,7,NULL,2021-10-08 15:00:01,2021-10-08 15:00:01
10405,S24_2972,47,37.38,2,NULL,2021-10-08 15:00:01,2021-10-08 15:00:01
10419,S24_2972,15,32.10,7,NULL,2021-10-08 15:00:01,2021-10-08 15:00:01
10373,S24_3151,33,82.31,12,NULL,2021-10-08 15:00:01,2021-10-08 15:00:01
10380,S24_3191,44,77.05,9,NULL,2021-10-08 15:00:01,2021-10-08 15:00:01
10378,S24_3371,46,52.66,6,NULL,2021-10-08 15:00:01,2021-10-08 15:00:01
10404,S24_3371,49,53.27,2,NULL,2021-10-08 15:00:01,2021-10-08 15:00:01
10419,S24_3371,55,52.66,12,NULL,2021-10-08 15:00:01,2021-10-08 15:00:01
10373,S24_3420,46,53.92,11,NULL,2021-10-08 15:00:01,2021-10-08 15:00:01
10386,S24_3420,35,54.57,9,NULL,2021-10-08 15:00:01,2021-10-08 15:00:01
10380,S24_3432,34,91.02,11,NULL,2021-10-08 15:00:01,2021-10-08 15:00:01
10378,S24_3856,33,129.20,3,NULL,2021-10-08 15:00:01,2021-10-08 15:00:01
10405,S24_3856,76,127.79,3,NULL,2021-10-08 15:00:01,2021-10-08 15:00:01
10419,S24_3856,70,112.34,8,NULL,2021-10-08 15:00:01,2021-10-08 15:00:01
10373,S24_3949,39,62.10,13,NULL,2021-10-08 15:00:01,2021-10-08 15:00:01
10386,S24_3949,41,55.96,12,NULL,2021-10-08 15:00:01,2021-10-08 15:00:01
10380,S24_3969,43,32.82,12,NULL,2021-10-08 15:00:01,2021-10-08 15:00:01
10358,S24_4258,41,88.62,6,NULL,2021-10-08 15:00:01,2021-10-08 15:00:01
10393,S24_4258,33,88.62,3,NULL,2021-10-08 15:00:01,2021-10-08 15:00:01
10410,S24_4258,50,95.44,4,NULL,2021-10-08 15:00:01,2021-10-08 15:00:01
10423,S24_4258,28,78.89,4,NULL,2021-10-08 15:00:01,2021-10-08 15:00:01
10386,S24_4278,50,71.73,8,NULL,2021-10-08 15:00:01,2021-10-08 15:00:01
10378,S24_4620,41,80.84,2,NULL,2021-10-08 15:00:01,2021-10-08 15:00:01
10404,S24_4620,48,65.48,7,NULL,2021-10-08 15:00:01,2021-10-08 15:00:01
10418,S24_4620,10,66.29,3,NULL,2021-10-08 15:00:01,2021-10-08 15:00:01
10358,S32_1268,41,82.83,1,NULL,2021-10-08 15:00:01,2021-10-08 15:00:01
10393,S32_1268,38,84.75,4,NULL,2021-10-08 15:00:01,2021-10-08 15:00:01
10387,S32_1374,44,79.91,1,NULL,2021-10-08 15:00:01,2021-10-08 15:00:01
10383,S32_2509,32,53.57,5,NULL,2021-10-08 15:00:01,2021-10-08 15:00:01
10394,S32_2509,36,47.08,3,NULL,2021-10-08 15:00:01,2021-10-08 15:00:01
10412,S32_2509,19,50.86,7,NULL,2021-10-08 15:00:01,2021-10-08 15:00:01
10403,S32_4485,45,88.78,5,NULL,2021-10-08 15:00:01,2021-10-08 15:00:01
10418,S32_4485,50,100.01,9,NULL,2021-10-08 15:00:01,2021-10-08 15:00:01
10383,S50_1514,38,48.62,10,NULL,2021-10-08 15:00:01,2021-10-08 15:00:01
10395,S50_1514,45,57.99,3,NULL,2021-10-08 15:00:01,2021-10-08 15:00:01
10373,S700_1138,44,58.00,14,NULL,2021-10-08 15:00:01,2021-10-08 15:00:01
10397,S700_1938,32,69.29,5,NULL,2021-10-08 15:00:01,2021-10-08 15:00:01
10373,S700_2047,32,76.94,15,NULL,2021-10-08 15:00:01,2021-10-08 15:00:01
10386,S700_2047,29,85.09,13,NULL,2021-10-08 15:00:01,2021-10-08 15:00:01
10386,S700_2466,37,90.75,14,NULL,2021-10-08 15:00:01,2021-10-08 15:00:01
10358,S700_2824,27,85.98,3,NULL,2021-10-08 15:00:01,2021-10-08 15:00:01
10393,S700_2824,21,83.95,6,NULL,2021-10-08 15:00:01,2021-10-08 15:00:01
10424,S700_2824,46,85.98,1,NULL,2021-10-08 15:00:01,2021-10-08 15:00:01
10386,S700_3167,32,68.00,17,NULL,2021-10-08 15:00:01,2021-10-08 15:00:01
10373,S700_3505,34,94.16,2,NULL,2021-10-08 15:00:01,2021-10-08 15:00:01
10386,S700_3505,45,83.14,2,NULL,2021-10-08 15:00:01,2021-10-08 15:00:01
10397,S700_3505,48,86.15,3,NULL,2021-10-08 15:00:01,2021-10-08 15:00:01
10373,S700_3962,37,83.42,8,NULL,2021-10-08 15:00:01,2021-10-08 15:00:01
10386,S700_3962,30,80.44,3,NULL,2021-10-08 15:00:01,2021-10-08 15:00:01
10397,S700_3962,36,80.44,2,NULL,2021-10-08 15:00:01,2021-10-08 15:00:01
10373,S700_4002,45,68.11,17,NULL,2021-10-08 15:00:01,2021-10-08 15:00:01
10386,S700_4002,44,59.22,15,NULL,2021-10-08 15:00:01,2021-10-08 15:00:01
10373,S72_1253,25,44.20,9,NULL,2021-10-08 15:00:01,2021-10-08 15:00:01
10386,S72_1253,50,47.67,16,NULL,2021-10-08 15:00:01,2021-10-08 15:00:01
